<?xml version='1.0' encoding='UTF-8'?>
<record xmlns="http://www.loc.gov/MARC21/slim">
  <leader>03094cam a2200433Ia 4500</leader>
  <controlfield tag="001">7152808</controlfield>
  <controlfield tag="003">NjP</controlfield>
  <controlfield tag="005">20160920103900.0</controlfield>
  <controlfield tag="008">120810s1887    ua       b    000 0 ara d</controlfield>
  <datafield tag="024" ind1="7" ind2=" ">
    <subfield code="a">princeton_aco003073</subfield>
    <subfield code="2">local</subfield>
  </datafield>
  <datafield ind1=" " ind2=" " tag="035">
    <subfield code="a">(OCoLC)ocn805794107</subfield>
  </datafield>
  <datafield ind1=" " ind2=" " tag="040">
    <subfield code="a">PUL</subfield>
    <subfield code="c">PUL</subfield>
  </datafield>
  <datafield ind1=" " ind2=" " tag="035">
    <subfield code="a">(OCoLC)805794107</subfield>
  </datafield>
  <datafield ind1=" " ind2="4" tag="050">
    <subfield code="a">PJ6101.I23</subfield>
    <subfield code="b">S337</subfield>
  </datafield>
  <datafield ind1=" " ind2=" " tag="079">
    <subfield code="a">ocn805794106</subfield>
  </datafield>
  <datafield ind1=" " ind2=" " tag="049">
    <subfield code="a">PULL</subfield>
  </datafield>
  <datafield ind1="1" ind2=" " tag="100">
    <subfield code="6">880-01</subfield>
    <subfield code="a">Ṣabbān, Muḥammad ibn ʻAlī,</subfield>
    <subfield code="d">-1791 or 1792.</subfield>
  </datafield>
  <datafield ind1="1" ind2="0" tag="240">
    <subfield code="6">880-02</subfield>
    <subfield code="a">Ḥāshiyat al-ʻAllāmah al-Ṣabbān ʻalá Sharḥ al-ʻAllāmah al-Ushmūnī ʻalá Alfīyat al-Imām Ibn Mālik fī al-naḥw</subfield>
  </datafield>
  <datafield ind1="1" ind2="0" tag="245">
    <subfield code="6">880-03</subfield>
    <subfield code="a">al-Juzʼ al-awwal[-al-juzʼ al-rābiʻ] min Ḥāshiyat al-ʻAllāmah al-Ṣabbān ʻalá Sharḥ al-ʻAllāmah al-Ushmūnī ʻalá Alfīyat al-Imām Ibn Mālik fī al-naḥw. Wa-bi-hāmishihi baʻḍ taqrīrāt lil-ʻĀlim al-Shaykh Aḥmad al-Rifāʻī al-Mālikī.</subfield>
  </datafield>
  <datafield ind1="3" ind2="0" tag="246">
    <subfield code="6">880-04</subfield>
    <subfield code="a">Ḥāshiyat al-ʻAllāmah al-Ṣabbān ʻalá Sharḥ al-ʻAllāmah al-Ushmūnī ʻalá Alfīyat al-Imām Ibn Mālik fī al-naḥw</subfield>
  </datafield>
  <datafield ind1="3" ind2="0" tag="246">
    <subfield code="6">880-05</subfield>
    <subfield code="a">Ḥāshiyat al-Ṣabbān ʻalá Sharḥ al-Ushmūnī ʻalá Alfīyat al-Imām Ibn Mālik fī al-naḥw</subfield>
  </datafield>
  <datafield ind1=" " ind2=" " tag="250">
    <subfield code="6">880-06</subfield>
    <subfield code="a">al-Ṭabʻah 1.</subfield>
  </datafield>
  <datafield ind1=" " ind2=" " tag="260">
    <subfield code="6">880-07</subfield>
    <subfield code="a">Miṣr :</subfield>
    <subfield code="b">al-Maṭbaʻah al-Khayrīyah,</subfield>
    <subfield code="c">1305 [1887 or 1888]</subfield>
  </datafield>
  <datafield ind1=" " ind2=" " tag="300">
    <subfield code="a">4 v. in 2 ;</subfield>
    <subfield code="c">28 cm.</subfield>
  </datafield>
  <datafield ind1="1" ind2="0" tag="600">
    <subfield code="a">Ibn Mālik, Muḥammad ibn ʻAbd Allāh,</subfield>
    <subfield code="d">d. 1274.</subfield>
    <subfield code="t">Alfīyah.</subfield>
  </datafield>
  <datafield ind1="1" ind2="0" tag="600">
    <subfield code="a">Ushmūnī, ʻAlī ibn Muḥammad,</subfield>
    <subfield code="d">1435-1494 or 1495.</subfield>
    <subfield code="t">Manhaj al-sālik ilá Alfīyat Ibn Mālik.</subfield>
  </datafield>
  <datafield ind1=" " ind2="0" tag="650">
    <subfield code="a">Arabic language</subfield>
    <subfield code="x">Grammar</subfield>
    <subfield code="v">Early works to 1800.</subfield>
  </datafield>
  <datafield ind1="1" ind2="2" tag="700">
    <subfield code="6">880-08</subfield>
    <subfield code="a">Ushmūnī, ʻAlī ibn Muḥammad,</subfield>
    <subfield code="d">1435-1494 or 1495.</subfield>
    <subfield code="t">Manhaj al-sālik ilá Alfīyat Ibn Mālik.</subfield>
  </datafield>
  <datafield ind1="1" ind2=" " tag="700">
    <subfield code="6">880-09</subfield>
    <subfield code="a">Rifāʻī, Aḥmad.</subfield>
  </datafield>
  <datafield ind1="1" ind2=" " tag="880">
    <subfield code="6">100-01/r</subfield>
    <subfield code="a">صبان، محمد بن علي،</subfield>
    <subfield code="d">-1791 or 1792.</subfield>
  </datafield>
  <datafield ind1="1" ind2="0" tag="880">
    <subfield code="6">240-02/r</subfield>
    <subfield code="a">حاشية العلامة الصبان على شرح العلامة الاشموني على الفية الامام ابن مالك في النحو</subfield>
  </datafield>
  <datafield ind1="1" ind2="0" tag="880">
    <subfield code="6">245-03/r</subfield>
    <subfield code="a">الجزء الاول[-الجزء الرابع] من حاشية العلامة الصبان على شرح العلامة الاشموني على الفية الامام ابن مالك في النحو. وبهامشه بعض تقريرات للعالم الشيخ احمد الرفاعي المالكي.</subfield>
  </datafield>
  <datafield ind1="3" ind2="0" tag="880">
    <subfield code="6">246-04/r</subfield>
    <subfield code="a">حاشية العلامة الصبان على شرح العلامة الاشموني على الفية الامام ابن مالك في النحو</subfield>
  </datafield>
  <datafield ind1="3" ind2="0" tag="880">
    <subfield code="6">246-05/r</subfield>
    <subfield code="a">حاشية الصبان على شرح الاشموني على الفية الامام ابن مالك في النحو</subfield>
  </datafield>
  <datafield ind1=" " ind2=" " tag="880">
    <subfield code="6">250-06/r</subfield>
    <subfield code="a">الطبعة 1.</subfield>
  </datafield>
  <datafield ind1=" " ind2=" " tag="880">
    <subfield code="6">260-07/r</subfield>
    <subfield code="a">مصر :</subfield>
    <subfield code="b">المطبعة الخيرية،</subfield>
    <subfield code="c">1305 [1887 او 1888]</subfield>
  </datafield>
  <datafield ind1="1" ind2="2" tag="880">
    <subfield code="6">700-08/r</subfield>
    <subfield code="a">اشموني، علي بن محمد،</subfield>
    <subfield code="d">1435-1494 or 1495.</subfield>
    <subfield code="t">منهج السالك الى الفية ابن مالك.</subfield>
  </datafield>
  <datafield ind1="1" ind2=" " tag="880">
    <subfield code="6">700-09/r</subfield>
    <subfield code="a">رفاعي، احمد.</subfield>
  </datafield>
  <datafield ind1=" " ind2=" " tag="994">
    <subfield code="a">C0</subfield>
    <subfield code="b">PUL</subfield>
  </datafield>
  <datafield ind1=" " ind2=" " tag="904">
    <subfield code="a">kc</subfield>
    <subfield code="b">a</subfield>
    <subfield code="h">n</subfield>
    <subfield code="c">t</subfield>
    <subfield code="e">20120810</subfield>
  </datafield>
  <datafield ind1=" " ind2=" " tag="902">
    <subfield code="a">kc</subfield>
    <subfield code="b">o</subfield>
    <subfield code="6">a</subfield>
    <subfield code="7">m</subfield>
    <subfield code="d">v</subfield>
    <subfield code="f">2</subfield>
    <subfield code="e">20120810</subfield>
  </datafield>
  <datafield ind1="0" ind2=" " tag="852">
    <subfield code="0">7017839</subfield>
    <subfield code="b">rcppa</subfield>
    <subfield code="h">PJ6101.I23</subfield>
    <subfield code="i">S337</subfield>
  </datafield>
  <datafield ind1=" " ind2="0" tag="866">
    <subfield code="0">7017839</subfield>
    <subfield code="a">Juzʾ 1-juzʾ 4</subfield>
  </datafield>
  <datafield ind1=" " ind2="0" tag="866">
    <subfield code="0">7017839</subfield>
    <subfield code="x">DESIGNATOR: juzʾ</subfield>
  </datafield>
  <datafield ind1=" " ind2=" " tag="959">
    <subfield code="a">2012-08-10 19:43:03 -0500</subfield>
  </datafield>
</record>
